@Booklet{lackner,
  author       = {Joseph (Yossi) Gil},
  TITLE        = {{\LaTeXe} for Graduate Students},
  year         = {2002},
  shorttitle   = {asdadas},
  howpublished = {manuscript},
  address      = {Haifa, Israel},
}